@Book{Sakai,
  author =	"{Sakai}",
  title  = 	"{young}", 
  publisher =	"{kyoritu}",
  year   =	 2002
}

@article{tezza2019state,
  title={The state-of-the-art of human--drone interaction: A survey},
  author={Tezza, Dante and Andujar, Marvin},
  journal={ieee access},
  volume={7},
  pages={167438--167454},
  year={2019},
  publisher={IEEE}
}